% Encoding: UTF-8

@Article{NumPy2020,
  author    = {Charles R. {Harris} and K. Jarrod {Millman} and St{\'{e}}fan J. {van der Walt} and Ralf {Gommers} and Pauli {Virtanen} and David {Cournapeau} and Eric {Wieser} and Julian {Taylor} and Sebastian {Berg} and Nathaniel J. {Smith} and Robert {Kern} and Matti {Picus} and Stephan {Hoyer} and Marten H. {van Kerkwijk} and Matthew {Brett} and Allan {Haldane} and Jaime Fern{\'{a}}ndez {del R{\'{\i}}o} and Mark {Wiebe} and Pearu {Peterson} and Pierre {G{\'{e}}rard-Marchant} and Kevin {Sheppard} and Tyler {Reddy} and Warren {Weckesser} and Hameer {Abbasi} and Christoph {Gohlke} and Travis E. {Oliphant}},
  journal   = {{Nature}},
  title     = {{Array programming with {NumPy}}},
  year      = {2020},
  month     = sep,
  number    = {7825},
  pages     = {357--362},
  volume    = {585},
  doi       = {10.1038/s41586-020-2649-2},
  publisher = {Springer Science and Business Media {LLC}},
}

@Misc{Pandas2020,
  author    = {Jeff {Reback} and Wes {McKinney} and {jbrockmendel} and Joris Van Den {Bossche} and Tom {Augspurger} and Phillip {Cloud} and {gfyoung} and {Sinhrks} and Simon {Hawkins} and Adam {Klein} and Matthew {Roeschke} and Jeff {Tratner} and Terji {Petersen} and Chang {She} and William {Ayd} and {MomIsBestFriend} and Marc {Garcia} and Jeremy {Schendel} and Andy {Hayden} and Daniel {Saxton} and Vytautas {Jancauskas} and Ali {McMaster} and Pietro {Battiston} and {Skipper Seabold} and {chris-b1} and {h-vetinari} and Kaiqi {Dong} and Stephan {Hoyer} and Wouter {Overmeire} and Martin {Winkel}},
  month     = oct,
  title     = {{pandas-dev/pandas: Pandas 1.1.3}},
  year      = {2020},
  copyright = {Open Access},
  doi       = {10.5281/ZENODO.3509134},
  publisher = {Zenodo},
}

@InProceedings{Pandas2010,
  author    = {Wes McKinney},
  booktitle = {{Proceedings of the 9th Python in Science Conference}},
  title     = {{Data Structures for Statistical Computing in Python}},
  year      = {2010},
  editor    = {{S}t\'efan van der {W}alt and {J}arrod {M}illman},
  pages     = {56--61},
  publisher = {{SciPy}},
  doi       = {10.25080/majora-92bf1922-00a},
}

@InCollection{Bengio+chapter2007,
  author    = {Bengio, Yoshua and LeCun, Yann},
  booktitle = {Large Scale Kernel Machines},
  publisher = {MIT Press},
  title     = {{Scaling Learning Algorithms Towards {AI}}},
  year      = {2007},
}

@Article{Hinton06,
  author  = {Hinton, Geoffrey E. and Osindero, Simon and Teh, Yee Whye},
  journal = {{Neural Computation}},
  title   = {{A Fast Learning Algorithm for Deep Belief Nets}},
  year    = {2006},
  pages   = {1527--1554},
  volume  = {18},
}

@Book{goodfellow2016deep,
  author    = {Goodfellow, Ian and Bengio, Yoshua and Courville, Aaron and Bengio, Yoshua},
  publisher = {MIT Press},
  title     = {{Deep Learning}},
  year      = {2016},
  volume    = {1},
}

@Book{MATLABR2020b,
  author  = {{The MathWorks Inc.}},
  title   = {{MATLAB R2020b (version 9.9)}},
  year    = {2020},
  address = {Natick, Massachusetts},
}

@Article{Zhang2019,
  author    = {Bolong {Zhang} and Wenjian {Yu} and Michael {Mascagni}},
  journal   = {Mathematics and Computers in Simulation},
  title     = {{Revisiting Kac's Method: A Monte Carlo Algorithm for Solving the Telegrapher's Equations}},
  year      = {2019},
  month     = feb,
  pages     = {178--193},
  volume    = {156},
  doi       = {10.1016/j.matcom.2018.08.007},
  publisher = {Elsevier {BV}},
}

@Book{Chapra2015,
  author    = {Steven C. {Chapra} and Raymond P. {Canale}},
  publisher = {McGraw-Hill Education},
  title     = {{Numerical Methods for Engineers}},
  year      = {2015},
  edition   = {Seventh},
}

@Comment{jabref-meta: databaseType:bibtex;}
